@book{paoloaluffi_2009_algebra,
  author    = {Paolo Aluffi},
  publisher = {American Mathematical Society},
  title     = {Algebra : chapter 0},
  year      = {2009}
}
